@misc{test,
        author = {test author},
        title = {test title},
        month = {test published in month},
        year = {test published in year 2011},
        howpublished = {\url{http://through.web.page/cool}},
}
@misc{IAB2011,
	author = {IAB},
	title = {IAB Internet Advertising Revenue Report}
	howpublished = {http://www.iab.net}
	month = {April}
	year = {2011},
}
